<?xml version="1.0" encoding="UTF-8"?><collection xmlns="http://www.loc.gov/MARC21/slim"><record><leader>00358nam--2200133-i-4500</leader><controlfield tag="001">000002899</controlfield><controlfield tag="002">20161230</controlfield><controlfield tag="005">20161230201025</controlfield><controlfield tag="008">060222s1000------------r-----000-0-eng-d</controlfield><datafield ind1=" " ind2=" " tag="080"><subfield code="a">615.849:61:621.039.8</subfield></datafield><datafield ind1=" " ind2=" " tag="245"><subfield code="a">Atommic medicine. 2nd edition</subfield></datafield><datafield ind1=" " ind2=" " tag="260"><subfield code="a">Baltimore, Williams &amp; Wilkins Co., 1953. Xiv + 632 P</subfield></datafield><datafield ind1=" " ind2=" " tag="700"><subfield code="a">Behrens, Charles F</subfield></datafield><datafield ind1=" " ind2=" " tag="852"><subfield code="a">11105</subfield></datafield></record></collection>